<record><leader>00000cas a22000007a 4500</leader><controlfield tag="001">12888421</controlfield><controlfield tag="008">851210d19371941iaudn ne      0    0eng d</controlfield><datafield ind1=" " ind2=" " tag="010"><subfield code="a">sn 85049865 </subfield></datafield><datafield ind1=" " ind2=" " tag="040"><subfield code="a">INP</subfield><subfield code="b">eng</subfield><subfield code="c">INP</subfield><subfield code="d">OCLCQ</subfield></datafield><datafield ind1=" " ind2=" " tag="042"><subfield code="a">msc</subfield></datafield><datafield ind1="0" ind2=" " tag="130"><subfield code="a">Daily times (Missouri Valley, Iowa)</subfield></datafield><datafield ind1="1" ind2="4" tag="245"><subfield code="a">The daily times.</subfield></datafield><datafield ind1="1" ind2="3" tag="246"><subfield code="a">Missouri Valley daily times</subfield></datafield><datafield ind1="1" ind2="7" tag="246"><subfield code="a">Times, Missouri Valley, Harrison County, Iowa</subfield></datafield><datafield ind1=" " ind2=" " tag="260"><subfield code="a">Missouri Valley, Iowa :</subfield><subfield code="b">Times Print. Co. :</subfield><subfield code="b">James R. Rhodes,</subfield><subfield code="c">1937-1941.</subfield></datafield><datafield ind1=" " ind2=" " tag="300"><subfield code="a">5 v. :</subfield><subfield code="b">ill.</subfield></datafield><datafield ind1=" " ind2=" " tag="310"><subfield code="a">Daily (except Sunday)</subfield></datafield><datafield ind1="0" ind2=" " tag="362"><subfield code="a">Vol. 49, no. 208 (Mar. 2, 1937)-v. 53, no. 209 (Mar. 15, 1941).</subfield></datafield><datafield ind1=" " ind2=" " tag="500"><subfield code="a">"The Missouri Valley daily times is the official city and an official county newspaper."</subfield></datafield><datafield ind1=" " ind2=" " tag="500"><subfield code="a">Original editor: George H. Seigle.</subfield></datafield><datafield ind1=" " ind2=" " tag="752"><subfield code="a">United States</subfield><subfield code="b">Iowa</subfield><subfield code="c">Harrison</subfield><subfield code="d">Missouri Valley.</subfield></datafield><datafield ind1="0" ind2="1" tag="780"><subfield code="t">Daily times-news (Missouri Valley, Iowa)</subfield><subfield code="w">(DLC)sn 85049864</subfield></datafield><datafield ind1="0" ind2="0" tag="785"><subfield code="t">Missouri Valley daily times (Missouri Valley, Iowa : 1941)</subfield><subfield code="w">(DLC)sn 85049866</subfield></datafield><datafield ind1="1" ind2=" " tag="029"><subfield code="a">AU@</subfield><subfield code="b">000025785865</subfield></datafield></record>